942 1396
441 181 474 199 115

177 242 299 262 Lactantium,
316 242 436 260 vehementer
452 248 482 260 me
500 243 578 260 movent
593 244 614 261 ut
628 243 740 266 opinionem,

173 269 274 286 consilium
285 269 387 286 Euhemeri
397 269 546 292 philosophicum
555 270 618 290 fuisse,
629 270 717 292 rejiciam.

219 345 253 362 vn.
277 345 302 361 Dz
313 345 424 362 Emenswns
436 350 482 362 uun
493 346 581 363 E'mmcuu
592 346 697 363 Musarum

219 394 284 416 Longa
296 395 325 411 est
335 394 419 411 narratio
430 394 482 416 apud
489 394 587 411 Firmicum
599 394 704 411 Maternum
716 395 739 411 de

177 421 244 438 Cerere
257 422 276 438 et
287 421 410 442 Proserpina:

220 454 228 462 ‹
241 448 255 464 1.
268 447 356 469 Sequitur
367 447 417 464 hanc
424 447 472 464 sacri
485 447 615 469 contagionem
627 449 645 465 et
656 448 739 465 imitatus

174 474 258 491 ordinem
278 474 350 491 funeris
366 479 376 490 a
395 473 462 491 Cerere
481 474 578 491 Hennensi
595 474 671 491 muliere
689 479 738 491 mors

176 501 226 517 filiae
238 501 350 517 consecrata.
362 500 410 517 Nam
426 500 514 522 quicquid
527 500 546 517 in
559 500 614 517 Creta
625 501 679 522 pater
691 501 739 518 circe

176 527 234 544 filium
246 527 320 547 fecerat.
331 527 367 544 hoc
378 528 437 544 totum
450 526 506 544 Ceres
516 527 567 548 apud
575 527 661 544 Hennam
670 527 739 544 amissa

176 554 214 570 filia
226 553 342 575 impatientia
354 553 433 570 materni
445 553 515 570 doloris
527 553 617 570 instituit:
630 554 681 575 quod
694 559 738 575 qua-

175 582 230 597 tenus
241 580 310 597 factum
323 580 350 600 sit,
362 580 416 597 brevi
428 585 513 597 sermone
524 580 655 602 perstringam.

218 607 295 623 Unicam
307 606 380 623 Cereris
391 606 454 626 filiam.
466 611 523 628 quam
535 606 602 623 Graeci
613 607 739 627 Persefonam,

174 634 232 650 nostri
244 634 341 650 immutato
353 638 438 650 sermone
445 633 577 654 Proserpinam
587 633 685 655 dicuntyad
697 639 738 650 eon-

173 660 235 682 iugale
247 660 360 677 consortium
379 660 443 681 plures
455 659 549 681 petebant.
562 660 621 676 Mater
630 660 707 677 sollicita
715 660 738 677 de

174 687 291 709 singulorum
303 686 373 704 meritis
384 686 480 704 inclinabat
491 687 510 704 et
521 691 562 703 cum
575 686 636 704 adhuc
652 686 738 704 omnibus

175 714 239 731 matris
251 714 343 731 sententia
353 713 449 730 videretur
460 713 536 733 incerta,
547 713 601 730 dives
612 714 697 734 rusticus,
709 714 738 731 cuj

175 742 252 762 propter
264 740 339 757 divitias
351 740 419 757 Pluton
431 740 466 757 fuit
478 745 551 760 nomen,
559 740 658 757 temerario
667 741 738 762 eupidi-

175 767 218 784 tatis
236 767 308 786 ardore,
325 771 366 783 cum
383 771 445 783 moras
458 766 552 783 dilationis
563 767 613 784 ferre
625 772 662 784 non
674 768 738 788 posset

174 795 192 810 et
204 798 245 810 cum
253 793 369 815 praeposteri
378 793 446 810 amoris
455 794 567 815 coqueretur
575 793 669 813 incendiis,
679 799 738 815 prope

173 821 251 837 Percum
269 821 364 837 inventam
382 820 474 842 virginem
488 820 542 842 rapit„
555 820 624 837 Percus
636 821 664 837 eet
676 821 737 837 autem

174 847 225 864 lacus
237 847 256 863 in
269 847 347 863 Hennae
365 846 445 863 civitatis
464 846 534 863 finibus
554 847 599 863 satis
615 851 704 863 amoenus
720 848 738 863 et

174 874 245 895 gratus,
259 873 312 890 eujus
330 873 433 890 amoenitas
445 878 468 890 ex
480 873 548 890 florum
561 873 683 890 varietatibus
696 878 737 890 nas-

174 900 230 917 citur:
243 905 286 916 nam
298 904 332 921 per
339 904 412 916 omnem
423 904 493 916 anuum
502 900 583 916 vicissim
593 899 628 916 sibi
638 899 737 916 succeden-

173 926 223 943 tibus
241 926 320 943 floribus
340 927 444 943 coronatur.
461 926 477 942 2.
489 926 529 943 Illic
547 926 631 943 invenies
648 926 737 948 quioquid

174 952 269 974 hyacinthi
281 953 344 974 turget
355 953 374 969 in
386 952 463 973 caulem,
481 952 517 969 illic
529 957 600 969 comam
617 953 695 969 narcissi
707 953 737 970 vel

175 979 226 1000 quod
239 984 314 995 auream
327 984 389 996 rosam
401 979 483 1000 desuper
493 979 559 1001 pingit,
570 979 606 996 inic
618 979 672 996 albae
682 979 737 996 hede-

173 1010 206 1022 rae
217 1010 251 1027 per
263 1007 331 1022 terram
350 1005 429 1022 molliter
448 1007 526 1027 serpunt
544 1006 562 1022 et
578 1010 619 1022 cum
636 1006 737 1027 purpureis

174 1032 228 1049 violis
240 1032 323 1049 suaviter
335 1032 405 1049 rubens
418 1037 515 1049 amaracus
530 1032 629 1052 invenitur,
641 1037 675 1049 nec
687 1037 737 1049 coro-

174 1064 217 1075 nam
229 1059 283 1075 istam
304 1058 347 1075 alba
366 1058 455 1075 deserunt
466 1058 514 1075 lilia:
527 1064 605 1080 prorsus
617 1059 672 1080 aptus
685 1059 736 1076 locus

173 1085 205 1106 qui
218 1085 278 1107 grstia
291 1090 325 1102 sua
343 1085 437 1106 puellares
456 1085 527 1102 animos
538 1086 556 1102 et
567 1085 655 1102 invitaret
666 1085 737 1107 pariter

173 1113 192 1128 et
203 1113 278 1128 teneret.
297 1112 319 1128 In
331 1111 366 1128 hoo
385 1111 425 1128 loco
441 1116 482 1128 cum
498 1116 509 1128 a
521 1112 600 1128 Plutone
611 1112 665 1133 virgo
677 1117 736 1134 prope

174 1143 272 1159 vesperam
284 1138 350 1155 fuisset
361 1138 442 1159 inventa,
450 1138 470 1155 vi
481 1138 554 1160 rapitur
562 1139 580 1155 et
592 1138 736 1160 superimposita

174 1165 259 1181 vehiculo
277 1165 338 1181 scissis
353 1164 438 1182 vestibus
455 1165 540 1182 laceratis
556 1165 638 1182 crinibus
651 1165 734 1182 ducitur:
