3156 5002
762 431 804 499 29

306 682 350 748 In
375 682 498 748 animo
529 681 638 748 nobis
669 684 726 748 est
757 682 927 766 sequenti
958 683 1201 769 paragrapho
1232 683 1343 769 longe

221 787 372 873 lateque
396 787 443 854 de
473 787 573 852 hisce
598 786 810 871 disputare;
835 787 905 854 hoc
924 791 1068 854 tantum
1093 789 1344 873 inpraesenti

222 911 375 958 monere
400 890 556 957 sufficit:
581 910 627 957 ex
652 891 945 978 omnibusquae
967 893 1094 960 addita
1113 894 1187 960 sint
1211 914 1233 960 a
1256 894 1344 961 Lac-

222 997 349 1075 tantio,
373 997 465 1065 nihil
500 996 586 1063 huic
616 997 783 1082 opinioni
816 999 1019 1078 adversari,
1047 999 1078 1066 si
1102 1001 1266 1086 excipias
1290 1020 1344 1079 ea,

231 1123 329 1188 quae
353 1103 400 1170 de
427 1094 593 1170 Saturne
618 1103 816 1170 habentur.

308 1210 370 1276 Uti
392 1210 439 1276 de
463 1209 576 1276 rebus
600 1211 752 1277 minutis
785 1211 861 1296 jam
885 1211 945 1278 hic
967 1211 1096 1290 dicam,
1120 1232 1218 1297 quae
1243 1214 1344 1299 apud

223 1317 457 1383 Lactantium
475 1315 642 1402 aliosque
658 1316 857 1409 scriptores
875 1317 1140 1384 ecclesiasticos
1156 1319 1344 1386 habentur

223 1424 458 1489 narrationes
483 1422 530 1489 de
554 1423 710 1506 Venere,
745 1423 791 1489 de
812 1421 954 1490 Cadmo
987 1429 1024 1490 et
1047 1424 1263 1504 Harmonia,
1298 1426 1345 1493 de

224 1529 384 1608 Atlante,
408 1529 454 1595 de
478 1529 705 1614 quibusdam
730 1529 951 1614 proverbiis,
989 1530 1107 1608 nobis,
1136 1532 1200 1616 qui
1234 1531 1344 1599 fictae

223 1636 449 1703 narrationis
473 1634 635 1702 indolem
651 1634 775 1702 libello
800 1634 1006 1714 tribuimus,
1019 1656 1094 1703 non
1108 1640 1249 1704 tantam
1274 1636 1343 1704 dii-

223 1742 426 1809 ficultatem
451 1743 605 1827 pariunt
635 1744 815 1827 quantam
857 1740 938 1820 illis,
962 1743 1026 1827 qui
1050 1762 1133 1808 cum
1158 1743 1344 1810 Lobeckio

106 1862 107 1865 ’
223 1854 358 1953 putant
382 1849 634 1915 Euhemerum
659 1846 907 1934 theologicum
933 1854 1105 1935 systema,
1129 1853 1170 1915 ut
1190 1850 1344 1916 deorum

224 1960 397 2023 naturam
424 1954 635 2040 explicaret,
660 1955 903 2040 excogitasse.

314 2062 449 2129 Sacrae
463 2062 651 2129 Historiae
664 2060 749 2127 libri
766 2062 813 2128 ad
831 2061 953 2128 minus
970 2066 1045 2128 tres
1058 2060 1219 2141 fuerunt,
1233 2063 1344 2130 Athe·

223 2189 341 2236 naeus
366 2168 470 2254 (XIV
494 2189 528 2254 p.
553 2168 632 2254 658)
657 2170 754 2234 enim
778 2169 871 2236 haec
894 2168 1025 2235 habet:
1051 2169 1222 2253 Εὐήμερος
1246 2173 1279 2233 ἒν
1301 2180 1345 2253 τῴ

223 2278 317 2358 τρίτῳ
340 2284 394 2360 τῆς
416 2277 502 2356 ἱερᾶς
525 2276 724 2358 ἀναγραφῆς.
765 2275 865 2352 Quot
891 2295 982 2341 vero
1018 2295 1174 2343 numero
1197 2276 1345 2355 fuerint,

223 2381 294 2448 dici
318 2381 456 2466 nequit.
