942 1396
756 71 867 126 Ἴ

475 175 507 192 118

204 236 255 257 apud
267 241 315 258 quos
327 237 374 254 tales
386 237 505 254 narrationes
516 237 644 258 inveniuntur,
663 237 744 255 citantur
757 242 768 255 a

204 263 318 280 Tertulliano
329 263 354 283 (in
367 263 496 285 Apologetieo)
507 263 602 281 Diodorus
614 263 702 284 Graecus,
714 264 768 281 Thal-

203 289 237 309 lus,
249 289 325 307 Cassius
337 290 424 310 Severus,
436 290 509 312 Nepos;
522 295 583 312 neque
592 290 649 308 ullam
658 291 714 308 video
725 296 768 308 cau-

204 320 244 332 sam
255 325 277 328 —
293 316 385 338 Nemethy
393 317 442 333 certe
454 317 525 334 nullam
542 317 612 339 allegat
625 327 646 329 —
663 322 697 334 cur
705 317 767 334 Euhe-

203 347 255 359 mero
266 343 329 364 potius
341 348 397 365 quam
405 343 456 360 hisce
468 343 566 360 tribuatur.

245 369 288 386 Duo
300 369 336 386 alia
347 370 454 392 fragmenta
471 370 576 387 Firmicsna
593 370 686 392 Nemethy
697 371 768 392 probabi-

203 396 239 412 liter
251 396 316 413 tribuit
328 396 439 414 Euhemero.

247 449 295 466 <Sed
308 449 369 466 adhue
380 451 482 471 supersunt
500 450 547 467 aliae
564 450 711 471 superstitiones,
722 455 768 471 qus-

204 481 245 492 rum
257 477 328 493 secreta
340 476 442 497 pendenda
454 477 507 493 sunt:
520 476 582 493 Liberi
594 477 613 493 et
624 476 708 496 Liberae,
719 481 768 498 quae

204 502 266 519 omnia
285 503 343 519 sacris
364 503 450 519 sensibus
467 503 535 520 vestris
547 503 652 524 specialiter
663 503 767 520 intimanda

204 530 252 548 sunt,
264 530 285 545 ut
296 530 314 546 et
325 529 344 546 in
356 529 396 546 istis
404 529 489 551 profanis
498 529 621 551 religionibus
629 530 690 547 sciatis
699 530 768 547 mortes

204 560 245 572 esse
257 556 352 572 hominum
364 557 486 573 consecratas.

246 582 302 599 Liber
313 582 376 604 itaque
388 582 441 599 Jovis
453 582 488 599 fuit
499 582 554 601 filius.
560 582 610 604 regis
619 582 687 599 scilieet
695 582 766 600 Cretici.

204 609 239 625 Hie
250 614 292 625 cum
303 609 369 626 fuisset
381 609 466 626 adultera
477 609 536 626 matre
545 609 661 631 progenitus,
671 609 766 626 nutrieba—

205 637 235 652 tur
243 635 294 657 apud
302 636 374 657 patrem
383 635 485 652 studiosius
495 640 551 657 quam
560 636 642 652 decebat.
651 636 703 653 Uxor
713 636 766 653 Jovis

204 662 233 678 cui
245 662 315 679 Junoni
326 662 362 679 fuit
373 667 446 682 nomen,
457 662 562 679 novercalis
574 662 630 679 animi
643 662 708 679 furore
720 667 767 679 com-

204 689 254 706 mota
267 689 290 706 ad
303 693 366 706 necem
378 688 455 706 infantis
467 688 584 706 omnifariam
593 689 674 711 parabat
685 689 768 706 insidias.

204 716 220 732 2.
232 715 353 732 Proficiscens
365 720 444 737 peregre
456 717 514 737 pater.
522 716 566 737 quia
574 716 713 738 indignationes
723 716 766 733 teci-

205 743 233 759 tas
252 742 322 759 sciebat
341 742 410 763 uxoris,
428 747 452 759 ne
464 742 510 764 quid
522 742 546 759 ab
562 743 610 759 irata
627 739 704 759 mulier'e
723 742 766 759 dolo

204 769 262 788 fieret,
273 769 350 788 idoneis,
366 769 413 786 sicut
424 769 460 786 sibi
472 769 576 788 videbatur,
594 769 703 786 custodibus
720 770 766 786 tute-

204 795 241 812 lam
253 795 331 812 credidit
342 795 380 812 filii.
393 795 444 812 Tunc
455 795 506 812 June
518 796 644 817 opportunum
656 796 766 812 insidiarum

204 823 272 838 nancta
291 823 364 843 tempus
381 823 399 839 et
416 827 440 839 ex
457 822 492 839 hoc
507 822 575 839 fortius
590 822 710 842 inflammata.
722 822 766 843 quie

204 848 324 869 proficiscens
342 849 396 869 pater
409 850 427 865 et
442 848 505 865 sellam
523 848 577 870 regni
589 853 648 870 puero
663 848 767 865 tradiderat

205 876 223 891 et
239 876 337 896 sceptrum,
358 875 444 891 custodes
465 875 546 896 primum
564 875 660 897 regalibus
679 875 767 896 praemiis

205 901 352 923 muneribusque
369 902 456 923 corrupit,
474 901 541 918 deinde
559 901 647 918 satellites
666 906 715 921 suos,
734 901 767 923 qui

205 927 280 944 Titanes
293 928 414 948 vocabantur,
426 928 445 944 in
457 928 577 945 interioribus
589 928 653 950 regiae
665 928 713 945 locat
724 933 766 949 par-

205 954 255 971 tibus
267 955 285 971 et
296 954 403 976 crepundiis
416 959 437 971 ae
449 954 524 976 speculo
544 954 622 971 adfabre
633 954 683 971 facto
696 955 767 971 animos

205 981 230 997 ite
242 981 323 1002 pueriles
335 981 404 1001 inlexit,
416 982 437 998 ut
445 981 524 998 desertis
535 981 592 1003 regiis
601 981 677 998 sedibus
688 981 712 998 ad
723 981 767 998 insi-

205 1008 278 1024 diarum
295 1008 355 1024 locum
373 1008 450 1029 puerilis
468 1008 523 1024 animi
548 1007 641 1024 desiderio
664 1007 767 1024 duceretur.

205 1035 220 1051 3.
238 1034 277 1051 Illic
296 1034 409 1056 interceptus
427 1034 531 1051 trucidetur
543 1035 566 1055 et,
584 1035 604 1050 ut
621 1034 692 1051 nullum
708 1034 768 1055 possit

205 1061 255 1077 necis
266 1061 346 1077 inveniri
358 1061 462 1083 vestigium,
475 1061 585 1077 articulatim
597 1060 681 1077 membra
693 1061 767 1077 concisa

205 1087 304 1104 satellitum
324 1087 359 1104 sibi
378 1087 445 1104 dividit
457 1087 516 1104 turbu.
535 1087 591 1108 Tunc,
602 1088 623 1104 ut
635 1087 677 1103 huic
689 1087 767 1104 facinori

206 1114 256 1130 aliud
273 1114 346 1131 lacinus
366 1114 471 1134 adderetur,
490 1114 534 1135 quia
554 1114 674 1130 vehementer
691 1113 767 1135 tyranni

205 1140 305 1157 crudelitas
322 1140 426 1160 timebatur,
444 1141 519 1157 decocta
531 1140 588 1157 variis
600 1140 701 1162 generibus
713 1140 767 1161 pueri

205 1167 288 1184 membra
305 1168 421 1188 consumunt,
437 1168 458 1184 ut
474 1167 551 1183 humani
568 1167 666 1183 cadaveris
677 1166 767 1183 inauditis
